<?xml version="1.0" encoding="UTF-8"?>
<marc:record xmlns:marc="http://www.loc.gov/MARC21/slim" xmlns:xsi="http://www.w3.org/2001/XMLSchema-instance" xsi:schemaLocation="http://www.loc.gov/standards/marcxml/schema/MARC21slim.xsd">
  <marc:leader>00000ncc a2200000 u 4500</marc:leader>
  <marc:controlfield tag="001">1001136370</marc:controlfield>
  <marc:controlfield tag="003">DE-633</marc:controlfield>
  <marc:controlfield tag="005">20210208153212.0</marc:controlfield>
  <marc:controlfield tag="008">201120##################################</marc:controlfield>
  <marc:datafield tag="028" ind1="2" ind2="0">
    <marc:subfield code="a">S. 64. K.</marc:subfield>
    <marc:subfield code="8">01</marc:subfield>
  </marc:datafield>
  <marc:datafield tag="040" ind1=" " ind2=" ">
    <marc:subfield code="a">DE-633</marc:subfield>
  </marc:datafield>
  <marc:datafield tag="100" ind1="1" ind2=" ">
    <marc:subfield code="a">Wroński, Adam</marc:subfield>
    <marc:subfield code="d">1850c-1915</marc:subfield>
    <marc:subfield code="j">Ascertained</marc:subfield>
    <marc:subfield code="0">pe50044737</marc:subfield>
  </marc:datafield>
  <marc:datafield tag="240" ind1="1" ind2="0">
    <marc:subfield code="a">Zbiór pieśni narodowych na fortepian</marc:subfield>
    <marc:subfield code="m">pf</marc:subfield>
    <marc:subfield code="n">op. 62</marc:subfield>
    <marc:subfield code="0">50242897</marc:subfield>
  </marc:datafield>
  <marc:datafield tag="245" ind1="1" ind2="0">
    <marc:subfield code="a">LUTNIA | POLSKA | Zbiór | PIEŚNI NARODOWYCH | na fortepian | ułożył | Adam Wroński | Dyrektor Orkiestry. | OP. 62. | KRAKÓW | Nakład i własność księgarni | S. A. KRZYŻANOWSKIEGO. | » Cena 1 złr 20 cnt. | Musikaliendruckerei v. Jos. Eberle &amp; C|o. Vien, Seideng. 7.</marc:subfield>
  </marc:datafield>
  <marc:datafield tag="246" ind1="2" ind2=" ">
    <marc:subfield code="a">Lutnia polska</marc:subfield>
  </marc:datafield>
  <marc:datafield tag="260" ind1=" " ind2=" ">
    <marc:subfield code="a">KRAKÓW</marc:subfield>
    <marc:subfield code="b">Księgarnia S. A. KRZYŻANOWSKIEGO</marc:subfield>
    <marc:subfield code="c">ca. 1880</marc:subfield>
    <marc:subfield code="f">Josef Eberle &amp; Co.</marc:subfield>
    <marc:subfield code="8">01</marc:subfield>
  </marc:datafield>
  <marc:datafield tag="300" ind1=" " ind2=" ">
    <marc:subfield code="a">1 part</marc:subfield>
    <marc:subfield code="c">32,0 x 26,0 cm</marc:subfield>
    <marc:subfield code="8">01</marc:subfield>
    <marc:subfield code="3"/>
  </marc:datafield>
  <marc:datafield tag="340" ind1=" " ind2=" ">
    <marc:subfield code="d">Engraving</marc:subfield>
    <marc:subfield code="8">01</marc:subfield>
  </marc:datafield>
  <marc:datafield tag="383" ind1=" " ind2=" ">
    <marc:subfield code="b">op. 62</marc:subfield>
  </marc:datafield>
  <marc:datafield tag="500" ind1=" " ind2=" ">
    <marc:subfield code="a">p. [1]: engraved TP; p. 2: [blank]; p. 3-17: engraved; p. 18: engraved advertisement: Najnowsze nakłady muzyczne księgarni i składu nut | S. A. KRZYŻANOWSKIEGO | w Krakowie. | [list of works in two columns].</marc:subfield>
    <marc:subfield code="8">01</marc:subfield>
    <marc:subfield code="3"/>
  </marc:datafield>
  <marc:datafield tag="500" ind1=" " ind2=" ">
    <marc:subfield code="a">Heading, p. 3: Lutnia polska. | Zbiór pieśni narodowych. | » przez Adama Wrońskiego. Dz. 62.</marc:subfield>
    <marc:subfield code="8">01</marc:subfield>
    <marc:subfield code="3"/>
  </marc:datafield>
  <marc:datafield tag="500" ind1=" " ind2=" ">
    <marc:subfield code="a">Fotline, p. 3: Stich der Musikaliendruckerei v. Jos. Eberle &amp; C|o. Vien, VII. « S. 64. K.; p. 4-17: S. 64. K.</marc:subfield>
    <marc:subfield code="8">01</marc:subfield>
    <marc:subfield code="3"/>
  </marc:datafield>
  <marc:datafield tag="500" ind1=" " ind2=" ">
    <marc:subfield code="a">Numerous pencil annotations (corrections, accidentals, fingering).</marc:subfield>
    <marc:subfield code="3">51025326</marc:subfield>
  </marc:datafield>
  <marc:datafield tag="506" ind1=" " ind2=" ">
    <marc:subfield code="a">Treasury of the Library</marc:subfield>
    <marc:subfield code="3">51025326</marc:subfield>
  </marc:datafield>
  <marc:datafield tag="588" ind1=" " ind2=" ">
    <marc:subfield code="a">PL-Wnifc 6495/n</marc:subfield>
  </marc:datafield>
  <marc:datafield tag="590" ind1=" " ind2=" ">
    <marc:subfield code="a">pf</marc:subfield>
    <marc:subfield code="b">17 p.</marc:subfield>
    <marc:subfield code="8">01</marc:subfield>
  </marc:datafield>
  <marc:datafield tag="590" ind1=" " ind2=" ">
    <marc:subfield code="b"/>
    <marc:subfield code="8">01</marc:subfield>
  </marc:datafield>
  <marc:datafield tag="593" ind1=" " ind2=" ">
    <marc:subfield code="a">Print</marc:subfield>
    <marc:subfield code="8">01</marc:subfield>
  </marc:datafield>
  <marc:datafield tag="593" ind1=" " ind2=" ">
    <marc:subfield code="a">Print with non-autograph annotations</marc:subfield>
    <marc:subfield code="3">51025326</marc:subfield>
  </marc:datafield>
  <marc:datafield tag="599" ind1=" " ind2=" ">
    <marc:subfield code="b">full</marc:subfield>
  </marc:datafield>
  <marc:datafield tag="650" ind1="0" ind2="7">
    <marc:subfield code="a">Patriotic music</marc:subfield>
    <marc:subfield code="0">3901647</marc:subfield>
  </marc:datafield>
  <marc:datafield tag="650" ind1="0" ind2="7">
    <marc:subfield code="a">First editions</marc:subfield>
    <marc:subfield code="0">3902070</marc:subfield>
  </marc:datafield>
  <marc:datafield tag="691" ind1=" " ind2="7">
    <marc:subfield code="a">Polona</marc:subfield>
    <marc:subfield code="0">lit50006289</marc:subfield>
    <marc:subfield code="3"/>
  </marc:datafield>
  <marc:datafield tag="710" ind1="2" ind2=" ">
    <marc:subfield code="a">S. A. Krzyżanowski</marc:subfield>
    <marc:subfield code="g">Ascertained</marc:subfield>
    <marc:subfield code="0">ks51000618</marc:subfield>
    <marc:subfield code="4">pbl</marc:subfield>
    <marc:subfield code="3"/>
  </marc:datafield>
  <marc:datafield tag="710" ind1="2" ind2=" ">
    <marc:subfield code="a">Josef Eberle &amp; Co.</marc:subfield>
    <marc:subfield code="0">ks30078918</marc:subfield>
    <marc:subfield code="4">prt</marc:subfield>
    <marc:subfield code="3"/>
  </marc:datafield>
  <marc:datafield tag="774" ind1="1" ind2="8">
    <marc:subfield code="a">Wroński, Adam - Marsz obozowy - Arr; pf</marc:subfield>
    <marc:subfield code="w">1001136371</marc:subfield>
  </marc:datafield>
  <marc:datafield tag="774" ind1="1" ind2="8">
    <marc:subfield code="a">Wroński, Adam - Co to za gwar - pf</marc:subfield>
    <marc:subfield code="w">1001136373</marc:subfield>
  </marc:datafield>
  <marc:datafield tag="774" ind1="1" ind2="8">
    <marc:subfield code="a">Wroński, Adam - Do wolności - pf</marc:subfield>
    <marc:subfield code="w">1001136374</marc:subfield>
  </marc:datafield>
  <marc:datafield tag="774" ind1="1" ind2="8">
    <marc:subfield code="a">Wroński, Adam - Warszawianka - pf</marc:subfield>
    <marc:subfield code="w">1001136376</marc:subfield>
  </marc:datafield>
  <marc:datafield tag="774" ind1="1" ind2="8">
    <marc:subfield code="a">Wroński, Adam - Krakowiak - pf</marc:subfield>
    <marc:subfield code="w">1001136378</marc:subfield>
  </marc:datafield>
  <marc:datafield tag="774" ind1="1" ind2="8">
    <marc:subfield code="a">Wroński, Adam - Kołomyjka - pf</marc:subfield>
    <marc:subfield code="w">1001136380</marc:subfield>
  </marc:datafield>
  <marc:datafield tag="774" ind1="1" ind2="8">
    <marc:subfield code="a">Wroński, Adam - Wstańmy bracia wraz - pf</marc:subfield>
    <marc:subfield code="w">1001136382</marc:subfield>
  </marc:datafield>
  <marc:datafield tag="774" ind1="1" ind2="8">
    <marc:subfield code="a">Wroński, Adam - Z dymem pożarów - pf</marc:subfield>
    <marc:subfield code="w">1001136385</marc:subfield>
  </marc:datafield>
  <marc:datafield tag="774" ind1="1" ind2="8">
    <marc:subfield code="a">Wroński, Adam - Krakowiak - pf</marc:subfield>
    <marc:subfield code="w">1001136386</marc:subfield>
  </marc:datafield>
  <marc:datafield tag="774" ind1="1" ind2="8">
    <marc:subfield code="a">Wroński, Adam - Tysiąc walecznych - pf</marc:subfield>
    <marc:subfield code="w">1001136388</marc:subfield>
  </marc:datafield>
  <marc:datafield tag="774" ind1="1" ind2="8">
    <marc:subfield code="a">Wroński, Adam - Dręczy lud biedny - pf</marc:subfield>
    <marc:subfield code="w">1001136391</marc:subfield>
  </marc:datafield>
  <marc:datafield tag="774" ind1="1" ind2="8">
    <marc:subfield code="a">Wroński, Adam - Krakowiak Kosynierów - pf</marc:subfield>
    <marc:subfield code="w">1001136392</marc:subfield>
  </marc:datafield>
  <marc:datafield tag="774" ind1="1" ind2="8">
    <marc:subfield code="a">Wroński, Adam - Za Niemen - pf</marc:subfield>
    <marc:subfield code="w">1001136393</marc:subfield>
  </marc:datafield>
  <marc:datafield tag="774" ind1="1" ind2="8">
    <marc:subfield code="a">Wroński, Adam - Marsz Żuawów - pf</marc:subfield>
    <marc:subfield code="w">1001136395</marc:subfield>
  </marc:datafield>
  <marc:datafield tag="774" ind1="1" ind2="8">
    <marc:subfield code="a">Wroński, Adam - Raz pamiętam z wieczora - pf</marc:subfield>
    <marc:subfield code="w">1001136396</marc:subfield>
  </marc:datafield>
  <marc:datafield tag="774" ind1="1" ind2="8">
    <marc:subfield code="a">Wroński, Adam - Trzeci maj - pf</marc:subfield>
    <marc:subfield code="w">1001136398</marc:subfield>
  </marc:datafield>
  <marc:datafield tag="774" ind1="1" ind2="8">
    <marc:subfield code="a">Wroński, Adam - Boże Ojcze - pf</marc:subfield>
    <marc:subfield code="w">1001136399</marc:subfield>
  </marc:datafield>
  <marc:datafield tag="774" ind1="1" ind2="8">
    <marc:subfield code="a">Wroński, Adam - Precz od nas smutek wszelki - pf</marc:subfield>
    <marc:subfield code="w">1001136400</marc:subfield>
  </marc:datafield>
  <marc:datafield tag="774" ind1="1" ind2="8">
    <marc:subfield code="a">Wroński, Adam - Jaka spadnie na mnie kara - pf</marc:subfield>
    <marc:subfield code="w">1001136402</marc:subfield>
  </marc:datafield>
  <marc:datafield tag="774" ind1="1" ind2="8">
    <marc:subfield code="a">Wroński, Adam - Sygnały wojenne - pf</marc:subfield>
    <marc:subfield code="w">1001136404</marc:subfield>
  </marc:datafield>
  <marc:datafield tag="774" ind1="1" ind2="8">
    <marc:subfield code="a">Wroński, Adam - Boże coś Polskę - pf</marc:subfield>
    <marc:subfield code="w">1001136408</marc:subfield>
  </marc:datafield>
  <marc:datafield tag="774" ind1="1" ind2="8">
    <marc:subfield code="a">Wroński, Adam - Pobudka - pf</marc:subfield>
    <marc:subfield code="w">1001136410</marc:subfield>
  </marc:datafield>
  <marc:datafield tag="774" ind1="1" ind2="8">
    <marc:subfield code="a">Wroński, Adam - A kto chce rozkoszy użyje - pf</marc:subfield>
    <marc:subfield code="w">1001136413</marc:subfield>
  </marc:datafield>
  <marc:datafield tag="774" ind1="1" ind2="8">
    <marc:subfield code="a">Wroński, Adam - Napad nieprzyjaciela - pf</marc:subfield>
    <marc:subfield code="w">1001136415</marc:subfield>
  </marc:datafield>
  <marc:datafield tag="774" ind1="1" ind2="8">
    <marc:subfield code="a">Wroński, Adam - Jeszcze Polska nie zginęła - pf</marc:subfield>
    <marc:subfield code="w">1001136417</marc:subfield>
  </marc:datafield>
  <marc:datafield tag="774" ind1="1" ind2="8">
    <marc:subfield code="a">Wroński, Adam - Krakowiak Bartosz - pf</marc:subfield>
    <marc:subfield code="w">1001136419</marc:subfield>
  </marc:datafield>
  <marc:datafield tag="852" ind1=" " ind2=" ">
    <marc:subfield code="a">PL-Wnifc</marc:subfield>
    <marc:subfield code="b">Biblioteka Narodowego Instytutu Fryderyka Chopina</marc:subfield>
    <marc:subfield code="e">Narodowy Instytut Fryderyka Chopina</marc:subfield>
    <marc:subfield code="x">ks51003139</marc:subfield>
    <marc:subfield code="3">51025326</marc:subfield>
    <marc:subfield code="c">6495/n</marc:subfield>
    <marc:subfield code="p"/>
    <marc:subfield code="q"/>
    <marc:subfield code="u"/>
    <marc:subfield code="z"/>
  </marc:datafield>
  <marc:datafield tag="980" ind1=" " ind2=" ">
    <marc:subfield code="a">RISM</marc:subfield>
    <marc:subfield code="c">examined</marc:subfield>
  </marc:datafield>
</marc:record>
